@ONLINE{Karpathy,
author = {Andrew, Karpathy},
title = {The state of Computer Vision and AI: we are really, really far away. {@ONLINE}},
month = octobre,
year = {2012},
url = {http://karpathy.github.io/2012/10/22/state-of-computer-vision/}
}

@article{karpathy2014deep,
  title={Deep visual-semantic alignments for generating image descriptions},
  author={Karpathy, Andrej and Fei-Fei, Li},
  journal={arXiv preprint arXiv:1412.2306},
  year={2014}
}

@ONLINE{Gavves,
author = {Efstratios, Gavves},
title = {A brief history of Computer Vision (and not time). {@ONLINE}},
month = decembre,
year = {2014},
url = {http://www.egavves.com/a-brief-history-of-computer-vision/#sthash.zbY6gYMO.aMQHLkhL.dpbs}
}

@ONLINE{ICML,
title = {International Conference on Machine Learning. {@ONLINE}},
month = octobre,
year = {2015},
url = {https://en.wikipedia.org/wiki/International_Conference_on_Machine_Learning}
}

@ONLINE{Hays,
author = {James, Hays},
title = {Introduction to Computer Vision. {@ONLINE}},
month = octobre,
year = {2015},
url = {https://cs.brown.edu/courses/cs143/lectures/01.pdf}
}

@ONLINE{Huang,
author = {T.S., Huang},
title = {Computer Vision: Evolution and Promise. {@ONLINE}},
month = octobre,
year = {2015},
url = {https://cds.cern.ch/record/400313/files/p21.pdf}
}

@ONLINE{Hoiem,
author = {Derek, Hoiem and David, Forsyth},
title = {Computer Vision. {@ONLINE}},
month = juin,
year = {2010},
url = {http://dhoiem.cs.illinois.edu/courses/vision_spring10/lectures/Lecture1%20-%20Introduction.pdf}
}

@ONLINE{Tesla,
author = {The Tesla Motors Team},
title = {Your Autopilot has arrived},
year = {2015},
url = {http://www.teslamotors.com/blog/your-autopilot-has-arrived}
}

@article{jaderberg2015,
  title={Spatial Transformer Networks},
  author={Max, Jaderberg and Karen, Simonyan and Andrew, Zisserman and Koray, Kavukcuoglu},
  journal={arXiv preprint arXiv:1506.02025v1},
  month = juin,
  year={2015}
}

@article{gatys2015neural,
  title={A Neural Algorithm of Artistic Style},
  author={Gatys, Leon A and Ecker, Alexander S and Bethge, Matthias},
  journal={arXiv preprint arXiv:1508.06576},
  year={2015}
}
